<?xml version="1.0" encoding="UTF-8"?>
<collection xmlns="http://www.loc.gov/MARC21/slim">
   <record>
      <leader>00000nz  a2200000nc 4500</leader>
      <controlfield tag="001">institutions/30079705</controlfield>
      <controlfield tag="003">DE-633</controlfield>
      <controlfield tag="005">20250620052126.0</controlfield>
      <controlfield tag="008">161109||||z|||a|||||||||||||||||n||||||d</controlfield>
      <datafield tag="024" ind1="7" ind2=" ">
         <subfield code="a">Q17301374</subfield>
         <subfield code="2">WKP</subfield>
      </datafield>
      <datafield tag="024" ind1="7" ind2=" ">
         <subfield code="a">AND-AVan</subfield>
         <subfield code="q">siglum</subfield>
         <subfield code="2">rism</subfield>
      </datafield>
      <datafield tag="034" ind1="1" ind2=" ">
         <subfield code="d">1.5230007977589812</subfield>
         <subfield code="f">42.50575926038156</subfield>
      </datafield>
      <datafield tag="040" ind1=" " ind2=" ">
         <subfield code="a">DE-633</subfield>
         <subfield code="c">DE-633</subfield>
         <subfield code="e">rismg</subfield>
      </datafield>
      <datafield tag="043" ind1=" " ind2=" ">
         <subfield code="c">XA-AD</subfield>
      </datafield>
      <datafield tag="110" ind1="1" ind2=" ">
         <subfield code="a">Arxiu Nacional d’Andorra</subfield>
         <subfield code="c">Andorra la Vella</subfield>
         <subfield code="g">AND-AVan</subfield>
      </datafield>
      <datafield tag="368" ind1=" " ind2=" ">
         <subfield code="a">Institution</subfield>
         <subfield code="a">Library</subfield>
      </datafield>
      <datafield tag="371" ind1=" " ind2=" ">
         <subfield code="a">Edifici Prada Casadet</subfield>
         <subfield code="a">Prada Casadet, 8-12</subfield>
         <subfield code="b">Andorra la Vella</subfield>
         <subfield code="d">Andorra</subfield>
         <subfield code="e">AD500</subfield>
         <subfield code="u">https://www.cultura.ad/arxiu-nacional-d-andorra</subfield>
      </datafield>
      <datafield tag="551" ind1="1" ind2=" ">
         <subfield code="a">Andorra la Vella</subfield>
         <subfield code="0">places/3905574</subfield>
      </datafield>
      <datafield tag="680" ind1="1" ind2=" ">
         <subfield code="a">The documents preserved in the Arxiu Nacional d'Andorra (National Archives of Andorra) integrates different types of document collections: 1.- collection or holdings of the Administració central (central government) or Consell General i Govern (Government and Parliament); 2.- collection or holdings of the Administració local (local government) including the sections of comuns, quarts i veïnats (common places, quarters and neighbourhoods); 3.- collection or holdings of the Administració eclesiàstica (Ecclesiastical Administration); 4.- legal holdings (from the Tribunal de Corts or Jury Court; Tribunal de Batlles or Mayor/Magistrates Court; Jutjat d'Apel·lacions or Court of Appeals, Tribunal Administratiu or Administrative Court, and Tribunal Fiscal i Consell Superior de Justícia or Fiscal Court and the High Council of Justice); 5.- collection of notarial protocols (notaries); 6.- fons d'Institucions públiques i parapúbliques (FEDA), or public and para-public (national) collections; 7.- family and heritage collections; 8.- personal (audio-visual and photographic) collections; 9.- associations' and foundations' collections; 10.- collections of political parties and trade unions; 11.- collections of companies and business corporations; 12.- cartographic collection; 13.- ethnographic collection; and 14.- foreign holdings that contain information about Andorra.</subfield>
      </datafield>
   </record>