
   <record>
      <leader>00000nz  a2200000nc 4500</leader>
      <controlfield tag="001">institutions/30079706</controlfield>
      <controlfield tag="003">DE-633</controlfield>
      <controlfield tag="005">20250620052126.0</controlfield>
      <controlfield tag="008">161109||||z|||a|||||||||||||||||n||||||d</controlfield>
      <datafield tag="024" ind1="7" ind2=" ">
         <subfield code="a">151433588</subfield>
         <subfield code="2">VIAF</subfield>
      </datafield>
      <datafield tag="024" ind1="7" ind2=" ">
         <subfield code="a">AND-ENbn</subfield>
         <subfield code="q">siglum</subfield>
         <subfield code="z">AND-AVbn</subfield>
         <subfield code="2">rism</subfield>
      </datafield>
      <datafield tag="034" ind1="1" ind2=" ">
         <subfield code="d">1.5834677972973343</subfield>
         <subfield code="f">42.53705466830589</subfield>
      </datafield>
      <datafield tag="040" ind1=" " ind2=" ">
         <subfield code="a">DE-633</subfield>
         <subfield code="c">DE-633</subfield>
         <subfield code="e">rismg</subfield>
      </datafield>
      <datafield tag="043" ind1=" " ind2=" ">
         <subfield code="c">XA-AD</subfield>
      </datafield>
      <datafield tag="110" ind1="1" ind2=" ">
         <subfield code="a">Biblioteca Nacional d’Andorra</subfield>
         <subfield code="c">Encamp</subfield>
         <subfield code="g">AND-ENbn</subfield>
      </datafield>
      <datafield tag="368" ind1=" " ind2=" ">
         <subfield code="a">Institution</subfield>
         <subfield code="a">Library</subfield>
      </datafield>
      <datafield tag="371" ind1=" " ind2=" ">
         <subfield code="a">Hotel Rosaleda</subfield>
         <subfield code="a">Avinguda François Mitterrand, 13</subfield>
         <subfield code="b">AD200 Encamp</subfield>
         <subfield code="d">Andorra</subfield>
         <subfield code="m">bncultura.gov@andorra.ad</subfield>
         <subfield code="u">https://www.cultura.ad/coneix-biblioteca-nacional</subfield>
         <subfield code="z">tel: +376 826 445</subfield>
      </datafield>
      <datafield tag="551" ind1="1" ind2=" ">
         <subfield code="a">Encamp</subfield>
         <subfield code="0">places/50020092</subfield>
      </datafield>
      <datafield tag="667" ind1=" " ind2=" ">
         <subfield code="a">Published sources: 105</subfield>
      </datafield>
      <datafield tag="680" ind1="1" ind2=" ">
         <subfield code="a">The National Library of Andorra moved from Andorra la Vella to Encamp in mid-2020. The former RISM library siglum AND-AVbn was changed to AND-ENbn.</subfield>
      </datafield>
      <datafield tag="680" ind1="1" ind2=" ">
         <subfield code="a">The general collection of the Biblioteca Nacional (National Library) comprises all material published or printed in the country, the material concerning the country that is published outside of Andorra and works published abroad by Andorran authors. The scope of the Pyrenees and the relationship with neighbouring countries is also present. The service of the Dipòsit legal (Legal Deposit) and the Llei 9/2003, del 12 de juny (Law 9/2003, of 12 June), concerning the cultural heritage of Andorra, ensure the development of the national bibliographic collection. In addition, the library draws from institutional exchanges, donations from individuals and institutions, and the acquisition of all materials not admitted by copyright (not entering in the library through the Legal Deposit) or not forming part of the library collection of old and rare. The section of Fons modern (modern collections) is made up of different materials, published from 1961: monographs, periodicals, sheet music, sheets and brochures, programs, catalogues, cartographic material, etc. The library also guards a collection of important graphic materials, consisting of posters, prints (engravings) and postcards. Stand together coloured engravings of the last quarter of the nineteenth century, most significant of the Romantic era. The audio-visual section contains material in various media, most of which is in the process of cataloguing. It emphasizes the jazz collection for the variety of topics and the quality of the performers. There are also documentaries and reports on the country, some of them of local production. The old and rare collection consists of all documents published prior to 1960, as well as editions sold out and rare and curious documents that are difficult to find in the market. The age of the items (exemplars) back with some exceptions, in the early nineteenth century. Stand first editions and descriptions and graphic documentation provided by some papers in the second half of the nineteenth and early twentieth century, especially travel books.</subfield>
      </datafield>
   </record>