
   <record>
      <leader>00000nz  a2200000nc 4500</leader>
      <controlfield tag="001">institutions/51002082</controlfield>
      <controlfield tag="003">DE-633</controlfield>
      <controlfield tag="005">20250620052243.0</controlfield>
      <controlfield tag="008">181217||||z|||a|||||||||||||||||n||||||d</controlfield>
      <datafield tag="024" ind1="7" ind2=" ">
         <subfield code="a">AND-Oap</subfield>
         <subfield code="q">siglum</subfield>
         <subfield code="2">rism</subfield>
      </datafield>
      <datafield tag="034" ind1="1" ind2=" ">
         <subfield code="d">1.532847</subfield>
         <subfield code="f">42.556871</subfield>
      </datafield>
      <datafield tag="040" ind1=" " ind2=" ">
         <subfield code="a">DE-633</subfield>
         <subfield code="c">DE-633</subfield>
         <subfield code="e">rismg</subfield>
      </datafield>
      <datafield tag="110" ind1="1" ind2=" ">
         <subfield code="a">Arxiu Parroquial d'Ordino</subfield>
         <subfield code="c">Ordino</subfield>
         <subfield code="g">AND-Oap</subfield>
      </datafield>
      <datafield tag="368" ind1=" " ind2=" ">
         <subfield code="a">Institution</subfield>
         <subfield code="a">Library</subfield>
         <subfield code="a">Archive</subfield>
      </datafield>
      <datafield tag="371" ind1=" " ind2=" ">
         <subfield code="a">la placeta, s/n</subfield>
         <subfield code="b">Ordino</subfield>
         <subfield code="d">Andorra</subfield>
         <subfield code="e">AD300</subfield>
         <subfield code="z">tel: +376 / 878 173</subfield>
      </datafield>
      <datafield tag="551" ind1="1" ind2=" ">
         <subfield code="a">Ordino</subfield>
         <subfield code="0">places/4000109</subfield>
      </datafield>
   </record>
</collection>
